@article{metrics,
  title={Evaluating Protein-protein Interaction Predictors with 
a Novel 3-Dimensional Metric},
  author={Haohan Wang, Madhavi K. Ganapathiraju},
  journal={arXiv:1511.02196},
  year={2015}
}

@article{hwang2010protein,
  title={Protein--protein docking benchmark version 4.0},
  author={Hwang, Howook and Vreven, Thom and Janin, Jo{\"e}l and Weng, Zhiping},
  journal={Proteins: Structure, Function, and Bioinformatics},
  volume={78},
  number={15},
  pages={3111--3114},
  year={2010},
  publisher={Wiley Online Library}
}

@inproceedings{sundararajan2017axiomatic,
  title={Axiomatic attribution for deep networks},
  author={Sundararajan, Mukund and Taly, Ankur and Yan, Qiqi},
  booktitle={International Conference on Machine Learning},
  pages={3319--3328},
  year={2017},
  organization={PMLR}
}

@article{cole2008jpred,
  title={The Jpred 3 secondary structure prediction server},
  author={Cole, Christian and Barber, Jonathan D and Barton, Geoffrey J},
  journal={Nucleic acids research},
  volume={36},
  number={suppl\_2},
  pages={W197--W201},
  year={2008},
  publisher={Oxford University Press}
}
@article{mcinnes2018umap,
  title={Umap: Uniform manifold approximation and projection for dimension reduction},
  author={McInnes, Leland and Healy, John and Melville, James},
  journal={arXiv preprint arXiv:1802.03426},
  year={2018}
}

@article{limit_ROC,
  title={Limitations of ROC on Imbalanced Data: Evaluation of LVAD Mortality Risk Scores},
  author={Faezeh Movahedi, Rema Padman, James F. Antaki},
  journal={ arXiv:2010.16253v1},
  year={2020}
}

@article{rao2021msa,
  title={Msa transformer},
  author={Rao, Roshan and Liu, Jason and Verkuil, Robert and Meier, Joshua and Canny, John F and Abbeel, Pieter and Sercu, Tom and Rives, Alexander},
  journal={bioRxiv},
  year={2021},
  publisher={Cold Spring Harbor Laboratory}
}

@article{ho2019axial,
  title={Axial attention in multidimensional transformers},
  author={Ho, Jonathan and Kalchbrenner, Nal and Weissenborn, Dirk and Salimans, Tim},
  journal={arXiv preprint arXiv:1912.12180},
  year={2019}
}

@article{yanofsky1964protein,
  title={Protein structure relationships revealed by mutational analysis},
  author={Yanofsky, Charles and Horn, Virginia and Thorpe, Deanna},
  journal={Science},
  volume={146},
  number={3651},
  pages={1593--1594},
  year={1964},
  publisher={American Association for the Advancement of Science}
}

@article{gobel1994correlated,
  title={Correlated mutations and residue contacts in proteins},
  author={G{\"o}bel, Ulrike and Sander, Chris and Schneider, Reinhard and Valencia, Alfonso},
  journal={Proteins: Structure, Function, and Bioinformatics},
  volume={18},
  number={4},
  pages={309--317},
  year={1994},
  publisher={Wiley Online Library}
}

@article{alley2019unified,
  title={Unified rational protein engineering with sequence-based deep representation learning},
  author={Alley, Ethan C and Khimulya, Grigory and Biswas, Surojit and AlQuraishi, Mohammed and Church, George M},
  journal={Nature methods},
  volume={16},
  number={12},
  pages={1315--1322},
  year={2019},
  publisher={Nature Publishing Group}
}

@article{jumper2021highly,
  title={Highly accurate protein structure prediction with AlphaFold},
  author={Jumper, John and Evans, Richard and Pritzel, Alexander and Green, Tim and Figurnov, Michael and Ronneberger, Olaf and Tunyasuvunakool, Kathryn and Bates, Russ and {\v{Z}}{\'\i}dek, Augustin and Potapenko, Anna and others},
  journal={Nature},
  volume={596},
  number={7873},
  pages={583--589},
  year={2021},
  publisher={Nature Publishing Group}
}

@article{sledzieski2021d,
  title={D-SCRIPT translates genome to phenome with sequence-based, structure-aware, genome-scale predictions of protein-protein interactions},
  author={Sledzieski, Samuel and Singh, Rohit and Cowen, Lenore and Berger, Bonnie},
  journal={Cell Systems},
  year={2021},
  publisher={Elsevier}
}

@inproceedings{rao2020transformer,
  title={Transformer protein language models are unsupervised structure learners},
  author={Rao, Roshan and Meier, Joshua and Sercu, Tom and Ovchinnikov, Sergey and Rives, Alexander},
  booktitle={International Conference on Learning Representations},
  year={2020}
}

@article{baek2021accurate,
  title={Accurate prediction of protein structures and interactions using a three-track neural network},
  author={Baek, Minkyung and DiMaio, Frank and Anishchenko, Ivan and Dauparas, Justas and Ovchinnikov, Sergey and Lee, Gyu Rie and Wang, Jue and Cong, Qian and Kinch, Lisa N and Schaeffer, R Dustin and others},
  journal={Science},
  volume={373},
  number={6557},
  pages={871--876},
  year={2021},
  publisher={American Association for the Advancement of Science}
}

@article{evans2021protein,
  title={Protein complex prediction with AlphaFold-Multimer},
  author={Evans, Richard and O'Neill, Michael and Pritzel, Alexander and Antropova, Natasha and Senior, Andrew W and Green, Timothy and {\v{Z}}{\'\i}dek, Augustin and Bates, Russell and Blackwell, Sam and Yim, Jason and others},
  journal={bioRxiv},
  year={2021},
  publisher={Cold Spring Harbor Laboratory}
}

@article{elnaggar2020prottrans,
  title={ProtTrans: towards cracking the language of Life's code through self-supervised deep learning and high performance computing},
  author={Elnaggar, Ahmed and Heinzinger, Michael and Dallago, Christian and Rihawi, Ghalia and Wang, Yu and Jones, Llion and Gibbs, Tom and Feher, Tamas and Angerer, Christoph and Steinegger, Martin and others},
  journal={arXiv preprint arXiv:2007.06225},
  year={2020}
}


@article{steinegger2017mmseqs2,
  title={MMseqs2 enables sensitive protein sequence searching for the analysis of massive data sets},
  author={Steinegger, Martin and S{\"o}ding, Johannes},
  journal={Nature biotechnology},
  volume={35},
  number={11},
  pages={1026--1028},
  year={2017},
  publisher={Nature Publishing Group}
}

@book{kuriyan2012molecules,
  title={The molecules of life: Physical and chemical principles},
  author={Kuriyan, John and Konforti, Boyana and Wemmer, David},
  year={2012},
  publisher={WW Norton \& Company}
}

@article{suzek2015uniref,
  title={UniRef clusters: a comprehensive and scalable alternative for improving sequence similarity searches},
  author={Suzek, Baris E and Wang, Yuqi and Huang, Hongzhan and McGarvey, Peter B and Wu, Cathy H and UniProt Consortium},
  journal={Bioinformatics},
  volume={31},
  number={6},
  pages={926--932},
  year={2015},
  publisher={Oxford University Press}
}

@inproceedings{mishra2019polynomial,
    author = {Mishra, Purnendu and Sarawadekar, Kishor},
    year = {2019},
    month = {12},
    pages = {},
    title = {Polynomial Learning Rate Policy with Warm Restart for Deep Neural Network},
    doi = {10.1109/TENCON.2019.8929465}
}

@article{lin2017focal,
    title={Focal Loss for Dense Object Detection},
    author={Tsung-Yi Lin and Priya Goyal and Ross B. Girshick and Kaiming He and Piotr Doll{\'a}r},
    journal={2017 IEEE International Conference on Computer Vision (ICCV)},
    year={2017},
    pages={2999-3007}
}

@inproceedings{kingma2015adam,
    author    = {Diederik P. Kingma and
                Jimmy Ba},
    editor    = {Yoshua Bengio and
                Yann LeCun},
    title     = {Adam: {A} Method for Stochastic Optimization},
    booktitle = {3rd International Conference on Learning Representations, {ICLR} 2015,
           San Diego, CA, USA, May 7-9, 2015, Conference Track Proceedings},
    year      = {2015},
    url       = {http://arxiv.org/abs/1412.6980},
    timestamp = {Thu, 25 Jul 2019 14:25:37 +0200},
    biburl    = {https://dblp.org/rec/journals/corr/KingmaB14.bib},
    bibsource = {dblp computer science bibliography, https://dblp.org}
}


@article{agarap2018deep,
    author = {Agarap, Abien Fred},
    year = {2018},
    month = {03},
    pages = {},
    title = {Deep Learning using Rectified Linear Units (ReLU)}
}

@inproceedings{ioffe2015batch,
    title = {Batch Normalization: Accelerating Deep Network Training by Reducing Internal Covariate Shift},
    author = {Ioffe, Sergey and Szegedy, Christian},
    booktitle = {Proceedings of the 32nd International Conference on Machine Learning},
    pages = {448--456},
    year = {2015},
    editor = {Bach, Francis and Blei, David},
    volume = {37},
    series = {Proceedings of Machine Learning Research},
    address = {Lille, France},
    month = {07--09 Jul},
    publisher = {PMLR},
}

@article{srivastava2014dropout,
    author  = {Nitish Srivastava and Geoffrey Hinton and Alex Krizhevsky and Ilya Sutskever and Ruslan Salakhutdinov},
    title   = {Dropout: A Simple Way to Prevent Neural Networks from Overfitting},
    journal = {Journal of Machine Learning Research},
    year    = {2014},
    volume  = {15},
    number  = {56},
    pages   = {1929-1958},
    url     = {http://jmlr.org/papers/v15/srivastava14a.html}
}

@misc{nwankpa2020activation,
    author = {Nwankpa, Chigozie and Ijomah, Winifred and Gachagan, Anthony and Marshall, Stephen},
    year = {2020},
    month = {12},
    pages = {},
    title = {Activation Functions: Comparison of trends in Practice and Research for Deep Learning}
}

@inproceedings{NIPS2017_3f5ee243,
 author = {Vaswani, Ashish and Shazeer, Noam and Parmar, Niki and Uszkoreit, Jakob and Jones, Llion and Gomez, Aidan N and Kaiser, \L ukasz and Polosukhin, Illia},
 booktitle = {Advances in Neural Information Processing Systems},
 editor = {I. Guyon and U. V. Luxburg and S. Bengio and H. Wallach and R. Fergus and S. Vishwanathan and R. Garnett},
 pages = {},
 publisher = {Curran Associates, Inc.},
 title = {Attention is All you Need},
 url = {https://proceedings.neurips.cc/paper/2017/file/3f5ee243547dee91fbd053c1c4a845aa-Paper.pdf},
 volume = {30},
 year = {2017}
}

 @article{hochreiter1997long,
  title={Long short-term memory},
  author={Hochreiter, Sepp and Schmidhuber, J{\"u}rgen},
  journal={Neural computation},
  volume={9},
  number={8},
  pages={1735--1780},
  year={1997},
  publisher={MIT Press}
} 

@inproceedings{devlin-etal-2019-bert,
    title = "{BERT}: Pre-training of Deep Bidirectional Transformers for Language Understanding",
    author = "Devlin, Jacob  and
      Chang, Ming-Wei  and
      Lee, Kenton  and
      Toutanova, Kristina",
    booktitle = "Proceedings of the 2019 Conference of the North {A}merican Chapter of the Association for Computational Linguistics: Human Language Technologies, Volume 1 (Long and Short Papers)",
    month = jun,
    year = "2019",
    address = "Minneapolis, Minnesota",
    publisher = "Association for Computational Linguistics",
    url = "https://aclanthology.org/N19-1423",
    doi = "10.18653/v1/N19-1423",
    pages = "4171--4186",
    abstract = "We introduce a new language representation model called BERT, which stands for Bidirectional Encoder Representations from Transformers. Unlike recent language representation models (Peters et al., 2018a; Radford et al., 2018), BERT is designed to pre-train deep bidirectional representations from unlabeled text by jointly conditioning on both left and right context in all layers. As a result, the pre-trained BERT model can be fine-tuned with just one additional output layer to create state-of-the-art models for a wide range of tasks, such as question answering and language inference, without substantial task-specific architecture modifications. BERT is conceptually simple and empirically powerful. It obtains new state-of-the-art results on eleven natural language processing tasks, including pushing the GLUE score to 80.5 (7.7 point absolute improvement), MultiNLI accuracy to 86.7{\%} (4.6{\%} absolute improvement), SQuAD v1.1 question answering Test F1 to 93.2 (1.5 point absolute improvement) and SQuAD v2.0 Test F1 to 83.1 (5.1 point absolute improvement).",
}

@misc{shaw2018selfattention,
      title={Self-Attention with Relative Position Representations}, 
      author={Peter Shaw and Jakob Uszkoreit and Ashish Vaswani},
      year={2018},
      eprint={1803.02155},
      archivePrefix={arXiv},
      primaryClass={cs.CL}
}